<?xml version="1.0" encoding="UTF-8"?><record xmlns="http://www.loc.gov/MARC21/slim" xmlns:cinclude="http://apache.org/cocoon/include/1.0" xmlns:zs="http://www.loc.gov/zing/srw/">
  <leader>00289nz  a2200121n  4500</leader>
  <controlfield tag="001">n  99035226 </controlfield>
  <controlfield tag="003">DLC</controlfield>
  <controlfield tag="005">19990511130601.7</controlfield>
  <controlfield tag="008">990511n| acannaab|          |n aaa |||  </controlfield>
  <datafield tag="010" ind1=" " ind2=" ">
    <subfield code="a">n  99035226 </subfield>
  </datafield>
  <datafield tag="040" ind1=" " ind2=" ">
    <subfield code="a">DLC</subfield>
    <subfield code="b">eng</subfield>
    <subfield code="c">DLC</subfield>
  </datafield>
  <datafield tag="100" ind1="1" ind2=" ">
    <subfield code="a">Hitman, T.</subfield>
  </datafield>
  <datafield tag="670" ind1=" " ind2=" ">
    <subfield code="a">Hardball, 1999:</subfield>
    <subfield code="b">CIP t.p. (T. Hitman)</subfield>
  </datafield>
</record>